%
% references.bib -- Bibliography file
%
% (c) 2018 Matthias Baumann und Oliver Dias, Hochschule Rapperswil
%

@online{lorenz:dynamicalsystems,
	title = {Dynamical Systems},
	URL = {https://en.wikipedia.org/wiki/Dynamical_systems},
	DAY = 12,
	MONTH = june,
	YEAR = 2018
}

@online{whitestormJS,
	title = {Documentation WhitestormJS},
	date = {18.06.18},
	url = {http://whs.io/}
}

@online{WebGL,
	title = {The WebGL API: 2D and 3D graphics for the web},
	date = {18.06.18},
	url = {https://developer.mozilla.org/en-US/docs/Web/API/WebGL_API}
}

@online{VueJS,
	title = {Vue.js},
	date = {18.06.18},
	url = {https://vuejs.org/}
}

@online{wikiattraktor,
	title = {Wikipedia - Lorenz Attraktor},
	date = {3.7.18},
	url = {https://en.wikipedia.org/wiki/Lorenz_system}
}