%
% references.bib -- Bibliography file
%
% (c) 2018 Jonas Gr√ºndler, Hochschule Rapperswil
%


