@book{skript:kaperengler,
	author = {Hans Kaper and Hans Engler},
	title = {Mathematics and Climate},
	year = {2013},
	publisher = {Society for Industrial and Applied Mathematics},
	language = {english},
	isbn = {978-1-611972-60-3}
}

@book{skript:lynch,
	author = {Peter Lynch},
	title = {The Emergence of Numerical Weather Prediction},
	subtitle = {Richardson's Dream},
	year = {2006},
	publisher = {Cambridge University Press},
	language = {english},
	isbn = {0-521-85729-5}
}

@book{skript:holton,
	author = {James R. Holton},
	title = {An Introduction to Dynamic Meteorology},
	year = {2004},
	publisher = {Elsevier Academic Press},
	language = {english},
	isbn = {0-12-354015-1},
}

@book{skript:zudnkowski-bott,
	author = {Wilford Zudnkowski and Andreas Bott},
	title = {Dynamics of the Atmosphere},
	subtitle = {A Course in Theoretical Meteorology},
	publisher = {Cambridge University Press},
	year = {2003},
	isbn = {0-521-00666-X}
}

