%
% references.bib -- Bibliography file
%
% (c) 2018 Martin Stypinski, Hochschule Rapperswil
%
@book{burgers:pde,
	title = {Partial Differential Equations},
	author = {Lawrence C. Evans},
	publisher = {American Mathematical Society},
	year = {2010},
	series = {Graduate Studies in Mathematics},
	volume = {19}
}


@inproceedings{Grover:2015,
	author = {Grover, Aditya and Kapoor, Ashish and Horvitz, Eric},
	title = {A Deep Hybrid Model for Weather Forecasting},
	booktitle = {Proceedings of the 21th ACM SIGKDD International Conference on Knowledge Discovery and Data Mining},
	series = {KDD '15},
	year = {2015},
	isbn = {978-1-4503-3664-2},
	location = {Sydney, NSW, Australia},
	pages = {379--386},
	numpages = {8},
	url = {http://doi.acm.org/10.1145/2783258.2783275},
	doi = {10.1145/2783258.2783275},
	acmid = {2783275},
	publisher = {ACM},
	address = {New York, NY, USA},
	keywords = {deep learning, gaussian processes, graphical models, machine learning, weather forecasting},
} 
