%
% references.bib -- Bibliography file
%
% (c) 2018 Melina Staub, Hochschule Rapperswil
%


