%
% references.bib -- Bibliography file
%
% (c) 2018 Hansruedi Patzen, Hochschule Rapperswil
%


