%
% references.bib -- Bibliography file
%
% (c) 2018 Michael MÃ¼ller, Hochschule Rapperswil
%


