%
% references.bib -- Bibliography file
%
% (c) 2018 Raphael Unterer, Hochschule Rapperswil
%


