%
% references.bib -- Bibliography file
%
% (c) 2018 Autor, Hochschule Rapperswil
%


