%
% references.bib -- Bibliography file
%
% (c) 2018 Silvio Marti, Hochschule Rapperswil
%


