%
% references.bib -- Bibliography file
%
% (c) 2018 Matthias Dunkel, Hochschule Rapperswil
%


