%
% references.bib -- Bibliography file
%
% (c) 2018 Sebastian Lenhard und Nicolas Tobler, Hochschule Rapperswil
%


